
Bogført;Tekst;Rentedato;Beløb;Saldo
02-01-2018;Bs betaling MASTERCARD;02-01-2018;-480,00;886,93
02-01-2018;Dankort-nota REMA 1000 Rønn 99190;02-01-2018;-178,03;1366,93
02-01-2018;Dankort-nota FDB Kvickly Rø 92112;02-01-2018;-103,75;1544,96
02-01-2018;Dankort-nota FDB Kvickly Rø 26149;02-01-2018;-124,00;1648,71
02-01-2018;Dankort-nota REMA 1000 Rønne 4406;02-01-2018;-157,60;1772,71
02-01-2018;Dankort-nota FDB Kvickly Rø 66173;02-01-2018;-92,50;1930,31
29-12-2017;Bgs Grundkonto med betal;29-12-2017;-5700,00;2022,81
29-12-2017;Bgs Gevinstopsparing;29-12-2017;-5000,00;7722,81
29-12-2017;Bgs budget;29-12-2017;-10000,00;12722,81
29-12-2017;Dankort-nota MENY           40049;29-12-2017;-49,95;22722,81
29-12-2017;Dankort-nota Netto Rønne    27659;29-12-2017;-125,00;22772,76
29-12-2017;104: UDBET. FRA DSA;29-12-2017;6785,00;22897,76
29-12-2017;Tjenestemandspension;29-12-2017;1701,00;16112,76
29-12-2017;Pension fra PKA                    Meddelnr. 02603146317363;29-12-2017;6564,33;14411,76
29-12-2017;Løn;29-12-2017;7370,72;7847,43
28-12-2017;Dankort-nota Søstrene Grene 62637;28-12-2017;-30,78;476,71
28-12-2017;Dankort-nota MENY           39060;28-12-2017;-79,95;507,49
28-12-2017;Dankort-nota Netto Rønne    26405;28-12-2017;-95,45;587,44
28-12-2017;Dankort-nota FDB Kvickly Rø 25374;28-12-2017;-40,00;682,89
27-12-2017;Bgs Fra Gevinstopsparing;27-12-2017;1000,00;722,89
27-12-2017;Dankort-nota REMA 1000 Rønne 2996;27-12-2017;-199,29;-277,11
27-12-2017;MobilePay:  Thomas N;24-12-2017;200,00;-77,82
27-12-2017;Dankort-nota FDB Kvickly Rø 85979;27-12-2017;-546,22;-277,82
27-12-2017;Dankort-nota Rønne Apotek   67433;27-12-2017;-54,00;268,40
27-12-2017;Dankort-nota RØNNE BIO      65257;27-12-2017;-225,00;322,40
27-12-2017;Dankort-nota Netto Rønne    38732;27-12-2017;-144,80;547,40
27-12-2017;Dankort-nota Netto Rønne    23914;27-12-2017;-82,95;692,20
27-12-2017;Dankort-nota Land & Fritid- 20300;27-12-2017;-69,95;775,15
27-12-2017;Dankort-nota Restaurant Texa 4134;27-12-2017;-350,00;845,10
22-12-2017;Dankort-nota FDB Kvickly Rø 65580;22-12-2017;-268,80;1195,10
22-12-2017;Dankort-nota RØNNE FISKEFOR 11755;22-12-2017;-417,00;1463,90
22-12-2017;Dankort-nota REMA 1000 Rønne  488;22-12-2017;-240,25;1880,90
21-12-2017;Bgs Fra Gevinstopsparing;20-12-2017;2000,00;2121,15
21-12-2017;Dankort-nota Cocks and Cows  9993;21-12-2017;-541,00;121,15
21-12-2017;MobilePay: Palle Arn;21-12-2017;500,00;662,15
20-12-2017;Bgs Fra Gevinstopsparing;20-12-2017;2000,00;162,15
20-12-2017;Dankort-nota REMA 1000 Rønn 99522;20-12-2017;-110,00;-1837,85
20-12-2017;Dankort-nota REMA 1000 Rønn 72786;20-12-2017;-291,20;-1727,85
20-12-2017;Dankort-nota TANDLÆGE NIELS 14484;20-12-2017;-1763,00;-1436,65
19-12-2017;Dankort-nota Punkt 1, Rønne 85667;19-12-2017;-149,00;326,35
18-12-2017;Pengeautomat den 16.12. kl. 12.07  0650-74 eksnr. 4046;16-12-2017;-500,00;475,35
18-12-2017;Bgs Fra Gevinstopsparing;15-12-2017;2000,00;975,35
18-12-2017;Dankort-nota FDB Kvickly Rø 62542;18-12-2017;-165,45;-1024,65
18-12-2017;Dankort-nota Netto Vibegård 35380;18-12-2017;-235,00;-859,20
18-12-2017;Dankort-nota Vibegård       30726;18-12-2017;-25,00;-624,20
18-12-2017;Dankort-nota MATAS - 17795  72754;18-12-2017;-499,95;-599,20
18-12-2017;Dankort-nota Netto Rønne    13267;18-12-2017;-132,40;-99,25
15-12-2017;Dankort-nota REMA 1000 Rønn 80989;15-12-2017;-158,00;33,15
15-12-2017;Dankort-nota FDB Kvickly Rø 57592;15-12-2017;-311,90;191,15
15-12-2017;Dankort-nota, nr. 25039;15-12-2017;-55,00;503,05
14-12-2017;Dankort-nota FDB Kvickly Rø 59977;14-12-2017;-215,45;558,05
14-12-2017;Dankort-nota Vibegård       30692;14-12-2017;-65,00;773,50
14-12-2017;Dankort-nota FDB Kvickly Rø 12806;14-12-2017;-414,95;838,50
14-12-2017;Dankort-nota jem&fix Rønne   9865;14-12-2017;-49,95;1253,45
14-12-2017;Dankort-nota MENY            5214;14-12-2017;-114,95;1303,40
14-12-2017;Dankort-nota Poul Pava Collec 636;14-12-2017;-148,00;1418,35
13-12-2017;Dankort-nota MobilePay      19748;13-12-2017;-80,00;1566,35
13-12-2017;Dankort-nota Færgen Caterin 85810;13-12-2017;-145,95;1646,35
12-12-2017;Pengeautomat den 12.12. kl. 13.58  2112-78 eksnr. 6367;12-12-2017;-500,00;1792,30
12-12-2017;Dankort-nota Rejsekort - DS 18378;12-12-2017;-300,00;2292,30
11-12-2017;Dankort-nota MobilePay      68473;11-12-2017;-167,00;2592,30
11-12-2017;Dankort-nota Netto DTU      67105;11-12-2017;-173,30;2759,30
11-12-2017;Dankort-nota Færgen Caterin 26610;11-12-2017;-89,95;2932,60
08-12-2017;Dankort-nota Rønne Apotek   74746;08-12-2017;-113,95;3022,55
07-12-2017;Bgs Lisbeth Nygaard Nils           son;07-12-2017;2000,00;3136,50
07-12-2017;Dankort-nota REMA 1000 Rønn 72344;07-12-2017;-215,05;1136,50
07-12-2017;Dankort-nota FDB Kvickly Rø 59410;07-12-2017;-75,00;1351,55
07-12-2017;Dankort-nota Vibegård       30369;07-12-2017;-25,00;1426,55
07-12-2017;Dankort-nota Land & Fritid- 12620;07-12-2017;-139,90;1451,55
07-12-2017;Dankort-nota RØNNE FISKEFORR 9153;07-12-2017;-100,00;1591,45
07-12-2017;Dankort-nota jem&fix Rønne   5479;07-12-2017;-38,00;1691,45
07-12-2017;Dankort-nota Høiers Iscafe  49859;07-12-2017;-49,00;1729,45
05-12-2017;Dankort-nota FDB Kvickly Rø 59111;05-12-2017;-130,00;1778,45
05-12-2017;Dankort-nota FDB Kvickly Rø 59109;05-12-2017;-369,35;1908,45
05-12-2017;Dankort-nota Vibegård       30218;05-12-2017;-25,00;2277,80
04-12-2017;Dankort-nota TELMORE A/S    VD7NB;04-12-2017;-130,34;2302,80
04-12-2017;Dankort-nota FDB Kvickly Rø 48401;04-12-2017;-226,95;2433,14
04-12-2017;Dankort-nota FDB Kvickly Rø 18991;04-12-2017;-20,00;2660,09
04-12-2017;Dankort-nota FDB Kvickly Røn 7552;04-12-2017;-234,97;2680,09
04-12-2017;Dankort-nota Netto Rønne    95444;04-12-2017;-84,50;2915,06
04-12-2017;Dankort-nota Brændepladsen  65464;04-12-2017;-200,00;2999,56
04-12-2017;Dankort-nota FDB Kvickly Rø 18703;04-12-2017;-34,00;3199,56
04-12-2017;Dankort-nota H&M 800         7463;04-12-2017;-17,88;3233,56
04-12-2017;Dankort-nota H&M 800         7392;04-12-2017;-80,00;3251,44
04-12-2017;Dankort-nota H&M 800         4233;04-12-2017;-350,00;3331,44
01-12-2017;Bs betaling MASTERCARD;01-12-2017;-640,00;3681,44
01-12-2017;Dankort-nota Rønne Syd FDB  90140;01-12-2017;-220,00;4321,44
01-12-2017;Dankort-nota FDB Kvickly Rø 58389;01-12-2017;-280,95;4541,44
01-12-2017;Dankort-nota FDB Kvickly Rø 58336;01-12-2017;-181,90;4822,39
30-11-2017;Bgs Gevinstopsparing;30-11-2017;-2990,00;5004,29
30-11-2017;Bgs Gevinstopsparing;30-11-2017;-2500,00;7994,29
30-11-2017;Bgs Gevinstopsparing;30-11-2017;-2000,00;10494,29
30-11-2017;Bgs Fra Gevinstopsparing;30-11-2017;2700,00;12494,29
30-11-2017;Bgs budget;30-11-2017;-10000,00;9794,29
30-11-2017;Dankort-nota Netto Rønne    91941;30-11-2017;-138,95;19794,29
30-11-2017;Dankort-nota Rønne Syd FDB  89243;30-11-2017;-261,00;19933,24
30-11-2017;Dankort-nota REMA 1000 Rønn 64744;30-11-2017;-360,65;20194,24
30-11-2017;Dankort-nota Rønne Apotek   64711;30-11-2017;-588,70;20554,89
30-11-2017;Dankort-nota Vibegård       30066;30-11-2017;-30,00;21143,59
30-11-2017;104: UDBET. FRA DSA;30-11-2017;7626,00;21173,59
30-11-2017;Tjenestemandspension;30-11-2017;1701,00;13547,59
30-11-2017;Pension fra PKA                    Meddelnr. 19732134217334           PENSIONSKASSERNES;30-11-2017;6564,01;11846,59
30-11-2017;Løn;30-11-2017;5161,87;5282,58
29-11-2017;Bgs Fra Gevinstopsparing;29-11-2017;700,00;120,71
29-11-2017;Dankort-nota DagliB Svaneke 77535;29-11-2017;-76,90;-579,29
29-11-2017;Dankort-nota Vibegård       29927;29-11-2017;-25,00;-502,39
29-11-2017;Dankort-nota TANDLÆGE NIELS 14259;29-11-2017;-377,05;-477,39
27-11-2017;Dankort-nota REMA 1000 Rønn 59427;27-11-2017;-218,75;-100,34
27-11-2017;Dankort-nota Land & Fritid- 12239;27-11-2017;-69,95;118,41
27-11-2017;Dankort-nota H&M 800         8942;27-11-2017;-191,88;188,36
27-11-2017;Dankort-nota RØNNE FISKEFORR 7929;27-11-2017;-92,00;380,24
27-11-2017;Dankort-nota H&M 800         6891;27-11-2017;-103,20;472,24
27-11-2017;Dankort-nota H&M 800         6888;27-11-2017;-79,20;575,44
27-11-2017;Dankort-nota FDB Kvickly Rø 43939;27-11-2017;-179,95;654,64
24-11-2017;Bgs Fra Gevinstopsparing;24-11-2017;1000,00;834,59
23-11-2017;Dankort-nota Vibegård       29711;23-11-2017;-41,00;-165,41
22-11-2017;Dankort-nota FDB Kvickly Rø 46506;22-11-2017;-68,95;-124,41
22-11-2017;Dankort-nota FDB Kvickly Rø 11382;22-11-2017;-425,00;-55,46
21-11-2017;Dankort-nota Netto Rønne    80015;21-11-2017;-132,71;369,54
21-11-2017;Dankort-nota Musikhuset Born 3853;21-11-2017;-45,00;502,25
21-11-2017;Dankort-nota DANTAXI        43284;21-11-2017;-125,00;547,25
21-11-2017;Dankort-nota H&M 815         8744;21-11-2017;-149,90;672,25
20-11-2017;MobilePay: Susanne M;19-11-2017;45,00;822,15
20-11-2017;MobilePay: Palle Arn;20-11-2017;500,00;777,15
20-11-2017;MobilePay: Palle Arn;20-11-2017;500,00;277,15
20-11-2017;MobilePay: Palle Arn;20-11-2017;500,00;-222,85
20-11-2017;MobilePay: Palle Arn;20-11-2017;500,00;-722,85
20-11-2017;Dankort-nota Illums Bolighu 92243;20-11-2017;-300,00;-1222,85
20-11-2017;Dankort-nota Illums Bolighu 58187;20-11-2017;-239,80;-922,85
17-11-2017;Dankort-nota Illums Bolighu 97597;17-11-2017;-199,95;-683,05
16-11-2017;Dankort-nota Victoria´s     39780;16-11-2017;-329,00;-483,10
16-11-2017;Dankort-nota Magasin, Kgs N 33225;16-11-2017;-315,00;-154,10
16-11-2017;Dankort-nota Magasin, Kgs N 19221;16-11-2017;-440,00;160,90
16-11-2017;Dankort-nota FJELD & FRITID 16422;16-11-2017;-5013,50;600,90
16-11-2017;Dankort-nota ESPRIT DE CORP. 1798;16-11-2017;-339,99;5614,40
15-11-2017;Bgs Fra Grundkonto med b           etaling;14-11-2017;2000,00;5954,39
15-11-2017;Bgs Fra Gevinstopsparing;14-11-2017;4000,00;3954,39
15-11-2017;Pengeautomat den 15.11. kl. 15.46  0650-74 eksnr. 1204;15-11-2017;-500,00;-45,61
15-11-2017;Dankort-nota Færgen Caterin 61211;15-11-2017;-128,85;454,39
14-11-2017;Dankort-nota Rønne Apotek   63249;14-11-2017;-74,25;583,24
14-11-2017;Dankort-nota RØNNE FISKEFORR 6506;14-11-2017;-167,50;657,49
14-11-2017;danmark;14-11-2017;708,41;824,99
13-11-2017;Dankort-nota FDB Kvickly Rø 67461;13-11-2017;-218,90;116,58
13-11-2017;Dankort-nota REMA 1000 Rønn 47024;13-11-2017;-192,60;335,48
13-11-2017;Dankort-nota FDB Kvickly Rø 42900;13-11-2017;-18,95;528,08
13-11-2017;Dankort-nota Land & Fritid- 17916;13-11-2017;-69,95;547,03
13-11-2017;Dankort-nota SIMON'S A/S    69490;13-11-2017;-764,96;616,98
13-11-2017;Dankort-nota SIMON'S A/S    34824;13-11-2017;-283,46;1381,94
10-11-2017;Dankort-nota MENY             070;10-11-2017;-24,95;1665,40
09-11-2017;Dankort-nota FDB Kvickly Rø 39019;09-11-2017;-277,88;1690,35
09-11-2017;Dankort-nota Vibegård       29094;09-11-2017;-25,00;1968,23
08-11-2017;Dankort-nota REMA 1000 Rønn 88528;08-11-2017;-280,90;1993,23
07-11-2017;Dankort-nota H&M 811         2475;07-11-2017;-279,80;2274,13
06-11-2017;Dankort-nota Fakta Q Lyngby 77634;06-11-2017;-134,90;2553,93
06-11-2017;Dankort-nota Eat Me           932;06-11-2017;-130,00;2688,83
03-11-2017;Pengeautomat den 03.11. kl. 13.51  0650-74 eksnr. 0137;03-11-2017;-500,00;2818,83
03-11-2017;Dankort-nota A+ Rønne       28604;03-11-2017;-449,10;3318,83
03-11-2017;Dankort-nota TELMORE A/S    4HLIB;03-11-2017;-130,34;3767,93
01-11-2017;Bs betaling MASTERCARD;01-11-2017;-632,00;3898,27
31-10-2017;Bgs Gevinstopsparing;31-10-2017;-3000,00;4530,27
31-10-2017;Bgs budget;31-10-2017;-10000,00;7530,27
31-10-2017;Dankort-nota FDB Kvickly Rø 62134;31-10-2017;-342,75;17530,27
31-10-2017;Dankort-nota Vibegård       28502;31-10-2017;-25,00;17873,02
31-10-2017;104: UDBET. FRA DSA;31-10-2017;9187,00;17898,02
31-10-2017;Tjenestemandspension;31-10-2017;1701,00;8711,02
31-10-2017;Pension fra PKA                    Meddelnr. 02892406817304;31-10-2017;6564,01;7010,02
31-10-2017;Gebyr, overf. 29.09 - 31.10.2017   Netbank, stk. 2;01-11-2017;-2,00;446,01
30-10-2017;Bgs Thomas;27-10-2017;-50,00;448,01
30-10-2017;Bgs Fra Gevinstopsparing;30-10-2017;500,00;498,01
30-10-2017;Bgs Fra Gevinstopsparing;29-10-2017;500,00;-1,99
30-10-2017;Bgs th;27-10-2017;-500,00;-501,99
30-10-2017;Pengeautomat den 30.10. kl. 11.07  0650-74 eksnr. 9517;30-10-2017;-500,00;-1,99
30-10-2017;MobilePay:  Thomas N;28-10-2017;650,00;498,01
30-10-2017;MobilePay:  Thomas N;27-10-2017;1,00;-151,99
30-10-2017;Dankort-nota Imerco Rønne   96617;30-10-2017;-199,96;-152,99
30-10-2017;Dankort-nota MENY           51350;30-10-2017;-119,85;46,97
30-10-2017;Dankort-nota Netto Rønne    45857;30-10-2017;-40,00;166,82
30-10-2017;Dankort-nota REMA 1000 Rønn 28925;30-10-2017;-245,45;206,82
30-10-2017;Dankort-nota Imerco Rønne   24327;30-10-2017;-631,84;452,27
30-10-2017;Dankort-nota Land & Fritid- 11367;30-10-2017;-69,95;1084,11
30-10-2017;Dankort-nota MobilePay      43336;30-10-2017;-1,00;1154,06
30-10-2017;Dankort-nota MobilePay      28465;30-10-2017;-100,00;1155,06
27-10-2017;Dankort-nota REMA 1000 Rønn 27425;27-10-2017;-98,80;1255,06
25-10-2017;Dankort-nota FDB Kvickly Rø 24383;25-10-2017;-294,98;1353,86
25-10-2017;Dankort-nota FDB Kvickly Røn 8829;25-10-2017;-28,00;1648,84
24-10-2017;Dankort-nota Rønne Syd FDB  67604;24-10-2017;-88,00;1676,84
24-10-2017;Dankort-nota Q8 Service - 8 51543;24-10-2017;-10,00;1764,84
24-10-2017;Dankort-nota REMA 1000 Rønn 24428;24-10-2017;-268,65;1774,84
24-10-2017;Dankort-nota Ostehjørnet    16602;24-10-2017;-66,60;2043,49
23-10-2017;Dankort-nota REMA 1000 Rønn 20826;23-10-2017;-169,95;2110,09
19-10-2017;Dankort-nota Rønne Apotek   69578;19-10-2017;-132,05;2280,04
19-10-2017;Dankort-nota MobilePay      17497;19-10-2017;-60,00;2412,09
19-10-2017;Dankort-nota MobilePay      16226;19-10-2017;-50,00;2472,09
19-10-2017;Dankort-nota Restaurant Texa 1866;19-10-2017;-275,00;2522,09
16-10-2017;Dankort-nota MobilePay      43627;16-10-2017;-60,00;2797,09
16-10-2017;Dankort-nota REMA 1000 Rønn 15297;16-10-2017;-314,10;2857,09
16-10-2017;Dankort-nota Gudhjem Bakke   3940;16-10-2017;-450,00;3171,19
13-10-2017;Pengeautomat den 13.10. kl. 12.21  0656-72 eksnr. 5577;13-10-2017;-500,00;3621,19
13-10-2017;Fremmed valuta;13-10-2017;1417,40;4121,19
12-10-2017;Dankort-nota Netto Rønne    87045;12-10-2017;-199,35;2703,79
12-10-2017;Dankort-nota REMA 1000 Rønn 10713;12-10-2017;-156,00;2903,14
10-10-2017;Dankort-nota Rønne Syd FDB  59737;10-10-2017;-24,50;3059,14
10-10-2017;Dankort-nota REMA 1000 Rønne 8593;10-10-2017;-81,95;3083,64
09-10-2017;Bgs Gevinstopsparing;09-10-2017;-2900,00;3165,59
09-10-2017;Bgs Gevinstopsparing;09-10-2017;-2000,00;6065,59
09-10-2017;Bgs Fra Gevinstopsparing;08-10-2017;1000,00;8065,59
09-10-2017;Dankort-nota MENY           73675;09-10-2017;-80,00;7065,59
09-10-2017;Dankort-nota Netto Rønne    21333;09-10-2017;-55,00;7145,59
09-10-2017;Dankort-nota FDB Kvickly Rø 20187;09-10-2017;-94,00;7200,59
09-10-2017;Dankort-nota Land & Fritid- 16162;09-10-2017;-149,90;7294,59
09-10-2017;104: UDBET. FRA DSA;09-10-2017;9187,00;7444,49
09-10-2017;Fremmed valuta;09-10-2017;-1495,29;-1742,51
09-10-2017;Dankort-nota MobilePay      25669;09-10-2017;-1175,00;-247,22
09-10-2017;Dankort-nota SIMON'S A/S    64342;09-10-2017;-359,95;927,78
09-10-2017;Dankort-nota Netto Rønne    18078;09-10-2017;-36,00;1287,73
09-10-2017;Dankort-nota RØNNE FISKEFORR 3618;09-10-2017;-46,00;1323,73
06-10-2017;Dankort-nota Loppeteket ApS 27694;09-10-2017;1627,75;1369,73
06-10-2017;Dankort-nota REMA 1000 Rønne 5237;06-10-2017;-118,80;-258,02
06-10-2017;Dankort-nota FDB Kvickly Røn 3741;06-10-2017;-30,00;-139,22
06-10-2017;Dankort-nota RØNNE FISKEFORR 3517;06-10-2017;-74,00;-109,22
06-10-2017;Dankort-nota Netto Åkirkeby  1845;06-10-2017;-112,95;-35,22
06-10-2017;Dankort-nota Fridolf A/S      201;06-10-2017;-454,75;77,73
05-10-2017;Dankort-nota FDB Kvickly Rø 17598;05-10-2017;-402,50;532,48
04-10-2017;Bgs Fra Gevinstopsparing;04-10-2017;1000,00;934,98
03-10-2017;Visa køb DKK     165,00            IZ *HALLEGAARD   OST               Den 29.09;03-10-2017;-165,00;-65,02
03-10-2017;Visa køb DKK      39,00            IZ *HALLEGAARD   OST               Den 30.09;03-10-2017;-39,00;99,98
03-10-2017;Dankort-nota REMA 1000 Rønne 1443;03-10-2017;-131,80;138,98
03-10-2017;Dankort-nota TELMORE A/S    HO7WB;03-10-2017;-130,34;270,78
02-10-2017;Bs betaling MASTERCARD;02-10-2017;-792,00;401,12
02-10-2017;Bgs Fra Gevinstopsparing;02-10-2017;1000,00;1193,12
02-10-2017;Dankort-nota Netto Rønne    11082;02-10-2017;-117,35;193,12
29-09-2017;Bgs Fra Grundkonto med b           etaling;29-09-2017;2500,00;310,47
29-09-2017;Bgs budget;29-09-2017;-10000,00;-2189,53
29-09-2017;Dankort-nota REMA 1000 Rønn 96756;29-09-2017;-50,95;7810,47
29-09-2017;Dankort-nota Rønne Apotek   58918;29-09-2017;-399,20;7861,42
29-09-2017;Dankort-nota DYRLÆGEGÅRDEN I 8425;29-09-2017;-118,75;8260,62
29-09-2017;Dankort-nota RØNNE FISKEFORR 2945;29-09-2017;-58,00;8379,37
29-09-2017;Dankort-nota FDB Kvickly Røn 1816;29-09-2017;-30,00;8437,37
29-09-2017;Tjenestemandspension;29-09-2017;1701,00;8467,37
29-09-2017;Pension fra PKA                    Meddelnr. 02480843517272;29-09-2017;6564,01;6766,37
29-09-2017;Dankort-nota REMA 1000 Rønn 96400;29-09-2017;-125,75;202,36
28-09-2017;Bgs Fra Gevinstopsparing;28-09-2017;500,00;328,11
28-09-2017;Dankort-nota Netto Rønne    64612;28-09-2017;-205,95;-171,89
28-09-2017;Dankort-nota MobilePay      36546;28-09-2017;-30,00;34,06
26-09-2017;Dankort-nota FDB Kvickly Rø 11526;26-09-2017;-26,50;64,06
25-09-2017;Dankort-nota REMA 1000 Rønn 76493;25-09-2017;-191,50;90,56
25-09-2017;Dankort-nota Land & Fritid- 15165;25-09-2017;-69,95;282,06
25-09-2017;Dankort-nota Ostehjørnet      839;25-09-2017;-90,00;352,01
25-09-2017;Dankort-nota Netto Rønne    98614;25-09-2017;-152,40;442,01
25-09-2017;Dankort-nota FDB Kvickly Røn 5791;25-09-2017;-79,95;594,41
22-09-2017;Dankort-nota FDB Kvickly Rø 26261;22-09-2017;29,97;674,36
22-09-2017;Dankort-nota FDB Kvickly Rø 26259;22-09-2017;-379,97;644,39
21-09-2017;Dankort-nota MobilePay      97867;21-09-2017;-100,00;1024,36
21-09-2017;Dankort-nota MATAS - 17795  59056;21-09-2017;-79,95;1124,36
21-09-2017;Dankort-nota Rønne Apotek   49553;21-09-2017;-139,15;1204,31
21-09-2017;Dankort-nota Musikhuset Born 3015;21-09-2017;-295,00;1343,46
20-09-2017;Bgs Gevinstopsparing;20-09-2017;-2000,00;1638,46
20-09-2017;Dankort-nota Ikea - 121, AC 19630;20-09-2017;-36,50;3638,46
20-09-2017;Dankort-nota Ikea - 121, AC 15748;20-09-2017;-119,50;3674,96
20-09-2017;Dankort-nota Færgen Caterin 55586;20-09-2017;-79,95;3794,46
20-09-2017;Dankort-nota Færgen Caterin 50332;20-09-2017;-54,90;3874,41
19-09-2017;Dankort-nota Rejsekort - DS 79776;19-09-2017;-300,00;3929,31
19-09-2017;Dankort-nota MobilePay      79162;19-09-2017;-500,00;4229,31
18-09-2017;Dankort-nota MobilePay      20165;18-09-2017;-82,00;4729,31
18-09-2017;Dankort-nota Netto DTU      84165;18-09-2017;-97,45;4811,31
18-09-2017;Dankort-nota Netto DTU      84025;18-09-2017;-54,50;4908,76
18-09-2017;Dankort-nota Netto Nørrevol 70584;18-09-2017;-138,95;4963,26
18-09-2017;Dankort-nota Færgen Caterin 46993;18-09-2017;-199,90;5102,21
15-09-2017;Bgs Fra Grundkonto med b           etaling;15-09-2017;2000,00;5302,11
15-09-2017;Bgs Fra Gevinstopsparing;15-09-2017;2000,00;3302,11
15-09-2017;Bgs Fra Gevinstopsparing;15-09-2017;1500,00;1302,11
15-09-2017;Dankort-nota REMA 1000 Rønn 74190;15-09-2017;-216,95;-197,89
15-09-2017;Dankort-nota MATAS - 17796  41770;15-09-2017;-79,95;19,06
15-09-2017;Dankort-nota Land & Fritid- 14779;15-09-2017;-399,95;99,01
15-09-2017;Dankort-nota FDB Kvickly Røn 4239;15-09-2017;-288,95;498,96
15-09-2017;Dankort-nota RØNNE FISKEFORR 1603;15-09-2017;-220,00;787,91
14-09-2017;Bgs Fra Grundkonto med b           etaling;14-09-2017;1000,00;1007,91
14-09-2017;Dankort-nota BALTIC SEA GLA 93954;14-09-2017;-210,00;7,91
11-09-2017;Dankort-nota REMA 1000 Rønn 77548;11-09-2017;-97,35;217,91
11-09-2017;Dankort-nota RØNNE BIO      55223;11-09-2017;-90,00;315,26
11-09-2017;Dankort-nota Rønne Syd FDB  42686;11-09-2017;-75,00;405,26
11-09-2017;Dankort-nota jem&fix Rønne  29421;11-09-2017;-29,50;480,26
11-09-2017;Dankort-nota MobilePay      68551;11-09-2017;-100,00;509,76
11-09-2017;Dankort-nota FDB Kvickly Rø 41221;11-09-2017;-72,00;609,76
11-09-2017;Dankort-nota MobilePay      97035;11-09-2017;-200,00;681,76
07-09-2017;Dankort-nota REMA 1000 Rønn 71990;07-09-2017;-77,45;881,76
06-09-2017;Bgs Fra Grundkonto med b           etaling;06-09-2017;1500,00;959,21
06-09-2017;Dankort-nota Bornholms Travs 6974;06-09-2017;-300,00;-540,79
05-09-2017;Dankort-nota Jensens Bageri 64179;05-09-2017;-46,00;-240,79
05-09-2017;Dankort-nota MobilePay      59819;05-09-2017;-100,00;-194,79
05-09-2017;Dankort-nota MATAS - 17795  56403;05-09-2017;-199,90;-94,79
05-09-2017;Dankort-nota MobilePay      73847;05-09-2017;-97,00;105,11
04-09-2017;Dankort-nota FDB Kvickly Rø 97214;04-09-2017;-429,80;202,11
04-09-2017;Dankort-nota DYRLÆGEGÅRDEN I 7332;04-09-2017;-790,58;631,91
04-09-2017;Dankort-nota TELMORE A/S    Z786B;04-09-2017;-130,34;1422,49
04-09-2017;Dankort-nota FDB Kvickly Rø 96785;04-09-2017;-73,45;1552,83
04-09-2017;Dankort-nota REMA 1000 Rønn 69018;04-09-2017;-92,75;1626,28
04-09-2017;Dankort-nota REMA 1000 Rønn 68475;04-09-2017;-113,85;1719,03
04-09-2017;Dankort-nota Jensens Bageri 63713;04-09-2017;-41,00;1832,88
04-09-2017;Dankort-nota SIMON'S A/S    61337;04-09-2017;-239,96;1873,88
04-09-2017;Dankort-nota SIMON'S A/S    60935;04-09-2017;-279,96;2113,84
04-09-2017;Dankort-nota SIMON'S A/S    23006;04-09-2017;-239,96;2393,80
04-09-2017;Dankort-nota Gudhjem Bakke   3398;04-09-2017;-450,00;2633,76
01-09-2017;Bs betaling MASTERCARD;01-09-2017;-461,00;3083,76
01-09-2017;Dankort-nota REMA 1000 Rønn 66585;01-09-2017;-224,15;3544,76
01-09-2017;Dankort-nota TANDLÆGE NIELS 13440;01-09-2017;-290,44;3768,91
01-09-2017;MobilePay:  Thomas N;01-09-2017;130,00;4059,35
01-09-2017;Dankort-nota H&M 800         7119;01-09-2017;-378,10;3929,35
31-08-2017;Bgs Gevinstopsparing;31-08-2017;-2700,00;4307,45
31-08-2017;Bgs budget;31-08-2017;-10000,00;7007,45
31-08-2017;Dankort-nota MobilePay      93940;31-08-2017;-750,00;17007,45
31-08-2017;104: UDBET. FRA DSA;31-08-2017;9187,00;17757,45
31-08-2017;Tjenestemandspension;31-08-2017;1700,33;8570,45
31-08-2017;Pension fra PKA                    Meddelnr. 02144761317243;31-08-2017;6564,01;6870,12
30-08-2017;Dankort-nota FDB Kvickly Rø 93918;30-08-2017;-217,45;306,11
30-08-2017;Dankort-nota FDB Kvickly Rø 93813;30-08-2017;-236,40;523,56
30-08-2017;Dankort-nota REMA 1000 Rønn 64372;30-08-2017;-126,45;759,96
29-08-2017;Bgs Fra Gevinstopsparing;29-08-2017;1000,00;886,41
29-08-2017;Dankort-nota FDB Kvickly Rø 93104;29-08-2017;-45,00;-113,59
29-08-2017;Dankort-nota Ostehjørnet    13143;29-08-2017;-111,30;-68,59
28-08-2017;Dankort-nota MobilePay      96887;28-08-2017;-50,00;42,71
28-08-2017;Dankort-nota MobilePay      51018;28-08-2017;-85,00;92,71
25-08-2017;Pengeautomat den 25.08. kl. 14.16  0650-73 eksnr. 7010;25-08-2017;-300,00;177,71
23-08-2017;Dankort-nota NORD SALON     29869;23-08-2017;-380,00;477,71
22-08-2017;Visa køb DKK      68,00            IZ *NORREKAS IS AP                 Den 18.08;22-08-2017;-68,00;857,71
21-08-2017;Pengeautomat den 19.08. kl. 13.05  0650-73 eksnr. 6393;19-08-2017;-500,00;925,71
21-08-2017;Bgs Fra Gevinstopsparing;21-08-2017;1000,00;1425,71
21-08-2017;Bgs Fra Gevinstopsparing;19-08-2017;1000,00;425,71
21-08-2017;Dankort-nota MobilePay      90807;21-08-2017;-80,00;-574,29
21-08-2017;Dankort-nota jem&fix Rønne  18726;21-08-2017;-295,00;-494,29
21-08-2017;Dankort-nota SIMON'S A/S    40838;21-08-2017;-179,98;-199,29
21-08-2017;Dankort-nota Land & Fritid- 13612;21-08-2017;-79,95;-19,31
18-08-2017;Dankort-nota RØNNE FISKEFOR 98507;18-08-2017;-65,50;60,64
18-08-2017;Dankort-nota REMA 1000 Rønn 66326;18-08-2017;-69,00;126,14
18-08-2017;Dankort-nota Ostehjørnet      312;18-08-2017;-121,00;195,14
18-08-2017;Dankort-nota REMA 1000 Rønn 51118;18-08-2017;-101,90;316,14
17-08-2017;Dankort-nota RØGERIET I SVA 71275;17-08-2017;-150,00;418,04
17-08-2017;Dankort-nota Sandvig Is Kal 19374;17-08-2017;-68,00;568,04
17-08-2017;MobilePay: Susanne M;17-08-2017;100,00;636,04
16-08-2017;Dankort-nota RØNNE FISKEFOR 98082;16-08-2017;-131,50;536,04
16-08-2017;Dankort-nota Rønne Apotek   36812;16-08-2017;-295,65;667,54
16-08-2017;Dankort-nota Hammerhavns Ki 21406;16-08-2017;-110,00;963,19
16-08-2017;Dankort-nota DYRLÆGEGÅRDEN I 6535;16-08-2017;-118,75;1073,19
15-08-2017;Bgs Fra Gevinstopsparing;15-08-2017;1000,00;1191,94
15-08-2017;Dankort-nota REMA 1000 Rønn 48044;15-08-2017;-194,29;191,94
15-08-2017;Dankort-nota Loppeteket ApS 22483;15-08-2017;-200,00;386,23
15-08-2017;Dankort-nota Loppeteket ApS 22482;16-08-2017;34,00;586,23
15-08-2017;Dankort-nota MATAS - 17796  19092;15-08-2017;-127,42;552,23
14-08-2017;Bgs Fra Gevinstopsparing;13-08-2017;1000,00;679,65
14-08-2017;Bgs Fra Gevinstopsparing;12-08-2017;1000,00;-320,35
14-08-2017;Dankort-nota FDB Kvickly Rø 83127;14-08-2017;-163,37;-1320,35
14-08-2017;Dankort-nota REMA 1000 Rønn 64783;14-08-2017;-47,95;-1156,98
14-08-2017;Dankort-nota Netto Rønne    40215;14-08-2017;-94,00;-1109,03
14-08-2017;Dankort-nota FDB Kvickly Rø 13263;14-08-2017;-550,00;-1015,03
14-08-2017;Dankort-nota Rejsekort - DS 72183;14-08-2017;-300,00;-465,03
14-08-2017;Dankort-nota Victoria´s     36403;14-08-2017;-268,25;-165,03
14-08-2017;Dankort-nota Magasin, Kgs N 26245;14-08-2017;-525,00;103,22
14-08-2017;Dankort-nota MobilePay      23867;14-08-2017;-1500,00;628,22
10-08-2017;Dankort-nota Chr. H v/Hanne  3638;10-08-2017;-969,90;2128,22
09-08-2017;Dankort-nota TAXA 4x35, Kol 23224;09-08-2017;-150,00;3098,12
09-08-2017;Dankort-nota M/F Ærøskøbing  2018;09-08-2017;-124,00;3248,12
08-08-2017;Dankort-nota KOLDINGHUS MUS 34136;08-08-2017;-204,00;3372,12
07-08-2017;Bgs Gevinstopsparing;04-08-2017;-2072,00;3576,12
07-08-2017;Dankort-nota FDB Kvickly Rø 77677;07-08-2017;-498,00;5648,12
07-08-2017;Dankort-nota Loppeteket ApS 21591;08-08-2017;72,25;6146,12
07-08-2017;Dankort-nota REMA 1000 Rønn 37471;07-08-2017;-58,70;6073,87
07-08-2017;Dankort-nota FDB Kvickly Rø 26917;07-08-2017;-324,30;6132,57
07-08-2017;Dankort-nota SIMON'S A/S     8580;07-08-2017;-509,94;6456,87
04-08-2017;Dankort-nota Loppeteket ApS 21379;07-08-2017;2572,95;6966,81
03-08-2017;Dankort-nota FDB Kvickly Rø 75612;03-08-2017;-162,00;4393,86
03-08-2017;Dankort-nota Maxi Zoo Rønne 68259;03-08-2017;-159,85;4555,86
03-08-2017;Dankort-nota REMA 1000 Rønn 61557;03-08-2017;-99,90;4715,71
03-08-2017;Dankort-nota Jensens Bageri 55953;03-08-2017;-33,00;4815,61
03-08-2017;Dankort-nota TELMORE A/S    8HIXB;03-08-2017;-130,34;4848,61
02-08-2017;Bgs Grundkonto med betal;02-08-2017;-5000,00;4978,95
02-08-2017;104: UDBET. FRA DSA;02-08-2017;9187,00;9978,95
01-08-2017;Bs betaling MASTERCARD;01-08-2017;-480,00;791,95
01-08-2017;Bgs Fra Gevinstopsparing;01-08-2017;1000,00;1271,95
01-08-2017;Dankort-nota Land & Fritid- 12863;01-08-2017;-69,95;271,95
01-08-2017;Dankort-nota Loppeteket ApS 20777;01-08-2017;-6,00;341,90
31-07-2017;Bgs Fra Gevinstopsparing;31-07-2017;2000,00;347,90
31-07-2017;Bgs budget;31-07-2017;-10000,00;-1652,10
31-07-2017;Dankort-nota HASLE RØGERI A 62480;31-07-2017;-54,00;8347,90
31-07-2017;Dankort-nota REMA 1000 Rønn 60469;31-07-2017;-132,75;8401,90
31-07-2017;Tjenestemandspension;31-07-2017;1700,33;8534,65
31-07-2017;Pension fra PKA                    Meddelnr. 02884444117210;31-07-2017;6564,01;6834,32
31-07-2017;Dankort-nota FDB Kvickly Røn 9570;31-07-2017;-30,00;270,31
31-07-2017;Dankort-nota MobilePay      99339;31-07-2017;-110,00;300,31
28-07-2017;Dankort-nota Sandvig Is Kal 82630;28-07-2017;-34,00;410,31
28-07-2017;Dankort-nota FDB Kvickly Rø 67089;28-07-2017;-52,00;444,31
28-07-2017;Dankort-nota REMA 1000 Rønn 28202;28-07-2017;-285,00;496,31
27-07-2017;Bgs Fra Gevinstopsparing;27-07-2017;1000,00;781,31
27-07-2017;Dankort-nota Loppeteket ApS 20134;27-07-2017;-6,00;-218,69
26-07-2017;Dankort-nota FDB Kvickly Rø 22464;26-07-2017;-173,85;-212,69
26-07-2017;Dankort-nota RØNNE BIO      62739;26-07-2017;-275,00;-38,84
25-07-2017;Dankort-nota REMA 1000 Rønn 25380;25-07-2017;-179,40;236,16
25-07-2017;Dankort-nota REMA 1000 Rønn 24389;25-07-2017;-174,95;415,56
25-07-2017;Dankort-nota Hasle Camping  21231;25-07-2017;-25,00;590,51
24-07-2017;Bgs Fra Gevinstopsparing;24-07-2017;1000,00;615,51
24-07-2017;Dankort-nota REMA 1000 Rønn 23096;24-07-2017;-102,75;-384,49
24-07-2017;Dankort-nota REMA 1000 Rønn 57265;24-07-2017;-58,80;-281,74
24-07-2017;Dankort-nota FDB Kvickly Rø 39393;24-07-2017;-202,90;-222,94
21-07-2017;Dankort-nota Loppeteket ApS 19226;21-07-2017;-80,00;-20,04
20-07-2017;Dankort-nota REMA 1000 Rønn 19706;20-07-2017;-51,95;59,96
20-07-2017;Dankort-nota MobilePay      17470;20-07-2017;-95,00;111,91
20-07-2017;Dankort-nota Netto Åkirkeby 15822;20-07-2017;-64,39;206,91
20-07-2017;Dankort-nota Bech chokolade  2572;20-07-2017;-36,00;271,30
19-07-2017;Dankort-nota FDB Kvickly Rø 80275;19-07-2017;-50,00;307,30
19-07-2017;Dankort-nota Jensens Bageri 51334;19-07-2017;-46,00;357,30
19-07-2017;Dankort-nota FDB Kvickly Rø 24986;19-07-2017;-173,75;403,30
18-07-2017;Bgs Fra Grundkonto med b           etaling;18-07-2017;600,00;577,05
18-07-2017;Dankort-nota FDB Kvickly Rø 64824;18-07-2017;-24,00;-22,95
18-07-2017;Dankort-nota REMA 1000 Rønn 17268;18-07-2017;-89,25;1,05
17-07-2017;Dankort-nota FDB Kvickly Rø 58909;17-07-2017;-304,95;90,30
17-07-2017;Dankort-nota REMA 1000 Rønn 16397;17-07-2017;-75,10;395,25
17-07-2017;Dankort-nota Gudhjem Bakke   1170;17-07-2017;-440,00;470,35
17-07-2017;Dankort-nota REMA 1000 Rønn 55008;17-07-2017;-136,25;910,35
17-07-2017;Dankort-nota MobilePay      27870;17-07-2017;-125,00;1046,60
14-07-2017;Dankort-nota Rønne Apotek   45885;14-07-2017;-210,15;1171,60
14-07-2017;Dankort-nota Netto Rønne    40322;14-07-2017;-171,20;1381,75
12-07-2017;Dankort-nota REMA 1000 Rønn 10863;12-07-2017;-216,55;1552,95
11-07-2017;Dankort-nota REMA 1000 Rønn 10116;11-07-2017;-104,80;1769,50
11-07-2017;Dankort-nota MobilePay      18133;11-07-2017;-122,50;1874,30
10-07-2017;Dankort-nota MobilePay      43772;10-07-2017;-250,00;1996,80
10-07-2017;Dankort-nota FDB Kvickly Rø 58674;10-07-2017;-161,35;2246,80
10-07-2017;Dankort-nota Loppeteket ApS 17167;10-07-2017;-280,00;2408,15
10-07-2017;Dankort-nota Loppeteket ApS 17136;10-07-2017;-100,00;2688,15
10-07-2017;Dankort-nota REMA 1000 Rønne 8325;10-07-2017;-108,95;2788,15
10-07-2017;Dankort-nota Sandvig Is Kala 8888;10-07-2017;-68,00;2897,10
10-07-2017;Dankort-nota Rønne Syd FDB S 3434;10-07-2017;-50,95;2965,10
10-07-2017;Dankort-nota FDB Kvickly Rø 51871;10-07-2017;-292,51;3016,05
07-07-2017;Dankort-nota FRIDOLF A/S    91976;07-07-2017;-39,90;3308,56
07-07-2017;Dankort-nota MobilePay      56159;07-07-2017;-200,00;3348,46
06-07-2017;Dankort-nota Premier Is Mej 32586;06-07-2017;-29,00;3548,46
06-07-2017;Dankort-nota Provianten     31466;06-07-2017;-35,00;3577,46
05-07-2017;Dankort-nota MobilePay      28503;05-07-2017;-80,00;3612,46
04-07-2017;Dankort-nota Jensens Bageri 47150;04-07-2017;-53,00;3692,46
04-07-2017;Dankort-nota Bornholmertårne 2397;04-07-2017;-75,00;3745,46
03-07-2017;Pengeautomat den 01.07. kl. 15.44  0650-74 eksnr. 7052;01-07-2017;-500,00;3820,46
03-07-2017;Bs betaling MASTERCARD;03-07-2017;-150,00;4320,46
03-07-2017;Bgs Grundkonto med betal;30-06-2017;-5000,00;4470,46
03-07-2017;Bgs Gevinstopsparing;30-06-2017;-2800,00;9470,46
03-07-2017;Bgs Gevinstopsparing;30-06-2017;-5000,00;12270,46
03-07-2017;Dankort-nota Vibegård       23161;03-07-2017;-25,00;17270,46
03-07-2017;Dankort-nota TELMORE A/S    M38GB;03-07-2017;-130,34;17295,46
03-07-2017;Dankort-nota Netto Rønne    92235;03-07-2017;-75,04;17425,80
03-07-2017;Dankort-nota SIMON'S A/S    84016;03-07-2017;-359,97;17500,84
30-06-2017;Bgs budget;30-06-2017;-10000,00;17860,81
30-06-2017;Dankort-nota jem&fix Rønne  88118;30-06-2017;-117,50;27860,81
30-06-2017;Dankort-nota MATAS - 17795  42430;30-06-2017;-219,85;27978,31
30-06-2017;Dankort-nota Rønne Apotek   41367;30-06-2017;-104,00;28198,16
30-06-2017;Dankort-nota MALERFIRMAET BO 2585;30-06-2017;-314,00;28302,16
30-06-2017;Tjenestemandspension;30-06-2017;1700,33;28616,16
30-06-2017;Pension fra PKA                    Meddelnr. 02446111317181;30-06-2017;6564,01;26915,83
30-06-2017;Løn;30-06-2017;20630,51;20351,82
30-06-2017;Dankort-nota REMA 1000 Rønn 97686;30-06-2017;-158,15;-278,69
30-06-2017;Dankort-nota FDB Kvickly Rø 11186;30-06-2017;-100,85;-120,54
27-06-2017;Dankort-nota Vibegård       22933;27-06-2017;-50,00;-19,69
27-06-2017;Dankort-nota Land & Fritid- 11364;27-06-2017;-207,88;30,31
26-06-2017;Bgs Fra Gevinstopsparing;26-06-2017;3000,00;238,19
26-06-2017;Pengeautomat den 26.06. kl. 12.24  0650-76 eksnr. 3115;26-06-2017;-500,00;-2761,81
26-06-2017;Dankort-nota Netto Rønne    87959;26-06-2017;-153,40;-2261,81
26-06-2017;Dankort-nota Rejsekort - DS 43441;26-06-2017;-300,00;-2108,41
26-06-2017;Dankort-nota FDB Kvickly Rø 96004;26-06-2017;-350,00;-1808,41
26-06-2017;Dankort-nota FDB Kvickly Rø 22823;26-06-2017;-28,00;-1458,41
26-06-2017;Dankort-nota COS Frederiksbe 3079;26-06-2017;-245,00;-1430,41
26-06-2017;Dankort-nota REINH VAN HAUE 94541;26-06-2017;-97,00;-1185,41
23-06-2017;Dankort-nota Føtex Frederik 60649;23-06-2017;-85,50;-1088,41
23-06-2017;Dankort-nota ECCO Frederiks 33381;23-06-2017;-1750,00;-1002,91
23-06-2017;Dankort-nota Café Oslo Plad 67156;23-06-2017;-130,00;747,09
22-06-2017;Dankort-nota ESPRIT DE CORP 92994;22-06-2017;-169,99;877,09
22-06-2017;Dankort-nota Ikea - 121, AC 51753;22-06-2017;-90,00;1047,08
22-06-2017;Dankort-nota Netto Nørrevol 42091;22-06-2017;-59,00;1137,08
22-06-2017;Dankort-nota Paradis Frugt  21733;22-06-2017;-45,00;1196,08
21-06-2017;Dankort-nota Irma Nørre Vol 35504;21-06-2017;-216,50;1241,08
21-06-2017;Dankort-nota MobilePay       5177;21-06-2017;-80,00;1457,58
20-06-2017;Bgs Fra Gevinstopsparing;20-06-2017;1000,00;1537,58
20-06-2017;Bgs Fra Gevinstopsparing;20-06-2017;2000,00;537,58
20-06-2017;Visa køb DKK      34,00            IZ *NORREKAS IS AP                 Den 18.06;20-06-2017;-34,00;-1462,42
20-06-2017;Dankort-nota Photocare, Røn 52245;20-06-2017;-1240,00;-1428,42
20-06-2017;Dankort-nota Land & Fritid- 11106;20-06-2017;-79,95;-188,42
20-06-2017;Dankort-nota FDB Kvickly Rø 44645;20-06-2017;-154,20;-108,47
15-06-2017;Bgs Fra Gevinstopsparing;15-06-2017;1000,00;45,73
15-06-2017;Pengeautomat den 15.06. kl. 13.14  0650-76 eksnr. 1464;15-06-2017;-500,00;-954,27
15-06-2017;Dankort-nota Netto Rønne    92063;15-06-2017;-295,55;-454,27
15-06-2017;Dankort-nota Vibegård       22369;15-06-2017;-55,00;-158,72
13-06-2017;Dankort-nota FDB Kvickly Rø 40889;13-06-2017;-111,25;-103,72
13-06-2017;Dankort-nota MATAS - 17795   7969;13-06-2017;-153,75;7,53
13-06-2017;Dankort-nota MATAS - 17795   7967;13-06-2017;-103,75;161,28
12-06-2017;Bgs Fra Gevinstopsparing;11-06-2017;1000,00;265,03
12-06-2017;Dankort-nota MATAS - 17795  24244;12-06-2017;-109,95;-734,97
12-06-2017;Dankort-nota Vibegård       22044;12-06-2017;-20,00;-625,02
12-06-2017;Dankort-nota Netto Vibegård 59057;12-06-2017;-293,45;-605,02
12-06-2017;Dankort-nota Jysk D050      38523;12-06-2017;-269,10;-311,57
12-06-2017;Dankort-nota FDB Kvickly Røn 3517;12-06-2017;-63,85;-42,47
08-06-2017;Dankort-nota Rønne Apotek   41793;08-06-2017;-36,55;21,38
08-06-2017;Dankort-nota FDB Kvickly Rø 37221;08-06-2017;-412,90;57,93
08-06-2017;Dankort-nota Svaneke Bodega 17568;08-06-2017;-50,00;470,83
08-06-2017;Dankort-nota Land & Fritid- 10697;08-06-2017;-69,95;520,83
08-06-2017;Dankort-nota FDB Kvickly Ne 58761;08-06-2017;-96,00;590,78
07-06-2017;Dankort-nota MobilePay      14389;07-06-2017;-300,00;686,78
06-06-2017;Pengeautomat den 04.06. kl. 18.44  0650-78 eksnr. 4871;04-06-2017;-500,00;986,78
06-06-2017;Dankort-nota Maxi Zoo Rønne 59442;06-06-2017;-191,99;1486,78
06-06-2017;Dankort-nota Jensens Bageri 40037;06-06-2017;-53,00;1678,77
06-06-2017;Dankort-nota Ostehjørnet     7555;06-06-2017;-112,48;1731,77
06-06-2017;Dankort-nota Netto Rønne    80928;06-06-2017;-347,40;1844,25
06-06-2017;Dankort-nota SIMON'S A/S     8123;06-06-2017;-480,00;2191,65
06-06-2017;Dankort-nota TELMORE A/S    ZXS9B;06-06-2017;-110,34;2671,65
06-06-2017;Dankort-nota DK Færger Rønn 84502;06-06-2017;-212,00;2781,99
02-06-2017;Dankort-nota Anytime        29548;02-06-2017;-398,00;2993,99
02-06-2017;Dankort-nota Lilliendal Pla 21422;02-06-2017;-200,00;3391,99
01-06-2017;Bs betaling MASTERCARD;01-06-2017;-300,00;3591,99
01-06-2017;Pengeautomat den 01.06. kl. 11.26  0650-73 eksnr. 5147;01-06-2017;-500,00;3891,99
01-06-2017;Dankort-nota Netto Vibegård 86149;01-06-2017;-336,53;4391,99
01-06-2017;Dankort-nota Vibegård       21627;01-06-2017;-25,00;4728,52
01-06-2017;Dankort-nota Land & Fritid- 10227;01-06-2017;-149,95;4753,52
31-05-2017;Bgs Gevinstopsparing;31-05-2017;-400,00;4903,47
31-05-2017;Bgs Gevinstopsparing;31-05-2017;-3000,00;5303,47
31-05-2017;Bgs Gevinstopsparing;31-05-2017;-5000,00;8303,47
31-05-2017;Bgs budget;31-05-2017;-10000,00;13303,47
31-05-2017;Dankort-nota Johannes Dam & 66920;31-05-2017;-15,00;23303,47
31-05-2017;Dankort-nota FDB Kvickly Rø 65396;31-05-2017;-15,00;23318,47
31-05-2017;Dankort-nota Vero Moda - Rø 34404;31-05-2017;-327,88;23333,47
31-05-2017;Dankort-nota Ekkodalshuset  25310;31-05-2017;-48,00;23661,35
31-05-2017;Løn;31-05-2017;23692,67;23709,35
30-05-2017;Visa køb DKK      68,00            IZ *NORREKAS IS AP                 Den 26.05;30-05-2017;-68,00;16,68
29-05-2017;Dankort-nota FDB Kvickly Rø 99228;29-05-2017;-16,90;84,68
29-05-2017;Dankort-nota Jysk D050      34185;29-05-2017;-79,95;101,58
29-05-2017;Dankort-nota REMA 1000 Rønn 89775;29-05-2017;-219,35;181,53
29-05-2017;Dankort-nota Knirkeline     86673;29-05-2017;-20,00;400,88
29-05-2017;Dankort-nota REMA 1000 Rønn 89120;29-05-2017;-65,45;420,88
24-05-2017;Bgs udlæg. el-koger;24-05-2017;-300,00;486,33
24-05-2017;Dankort-nota RØNNE FISKEFOR 87119;24-05-2017;-13,50;786,33
24-05-2017;Dankort-nota Jensens Bageri 37612;24-05-2017;-61,00;799,83
23-05-2017;Dankort-nota REMA 1000 Rønn 30793;23-05-2017;-37,40;860,83
22-05-2017;Bgs Fra Grundkonto med b           etaling;20-05-2017;1000,00;898,23
22-05-2017;Bgs Fra Gevinstopsparing;22-05-2017;1000,00;-101,77
22-05-2017;Dankort-nota Netto Vibegård 74930;22-05-2017;-271,89;-1101,77
22-05-2017;Dankort-nota FDB Kvickly Rø 27577;22-05-2017;-416,75;-829,88
22-05-2017;Dankort-nota Vibegård       21098;22-05-2017;-35,00;-413,13
22-05-2017;Dankort-nota Land & Fritid-8 6393;22-05-2017;-69,95;-378,13
22-05-2017;Dankort-nota RØNNE FISKEFOR 86734;22-05-2017;-47,50;-308,18
22-05-2017;Dankort-nota Sørine         79305;22-05-2017;-299,95;-260,68
22-05-2017;Dankort-nota REMA 1000 Rønn 29402;22-05-2017;-145,70;39,27
19-05-2017;Dankort-nota Q8 Service - 8 40435;19-05-2017;-117,17;184,97
19-05-2017;Dankort-nota FDB Kvickly Rø 62182;19-05-2017;-15,00;302,14
19-05-2017;Dankort-nota FDB Kvickly Rø 25525;19-05-2017;-22,95;317,14
18-05-2017;Dankort-nota RØNNE FISKEFOR 86442;18-05-2017;-73,50;340,09
18-05-2017;Dankort-nota Vibegård       20968;18-05-2017;-25,00;413,59
18-05-2017;Dankort-nota TANDLÆGE NIELS 12525;18-05-2017;-506,49;438,59
18-05-2017;Dankort-nota Q8 Service - 8 12183;18-05-2017;-10,00;945,08
18-05-2017;Dankort-nota FDB Kvickly Rø 61947;18-05-2017;-12,75;955,08
17-05-2017;Dankort-nota MobilePay      86300;17-05-2017;-25,00;967,83
17-05-2017;Dankort-nota FDB Kvickly Rø 24935;17-05-2017;-622,67;992,83
16-05-2017;Dankort-nota MobilePay      61640;16-05-2017;-25,00;1615,50
16-05-2017;danmark;16-05-2017;339,62;1640,50
15-05-2017;Dankort-nota Vibegård       20712;15-05-2017;-25,00;1300,88
15-05-2017;Dankort-nota Maxi Zoo Rønne 56609;15-05-2017;-319,88;1325,88
15-05-2017;Dankort-nota Hammerhavns Kio 1662;15-05-2017;-176,00;1645,76
15-05-2017;Dankort-nota FDB Kvickly Rø 92632;15-05-2017;-261,26;1821,76
11-05-2017;Dankort-nota FDB Kvickly Rø 60151;11-05-2017;-95,00;2083,02
10-05-2017;Dankort-nota Vibegård       20516;10-05-2017;-25,00;2178,02
09-05-2017;Dankort-nota FDB Kvickly Rø 79581;09-05-2017;-300,00;2203,02
09-05-2017;Dankort-nota FDB Kvickly Rø 42211;09-05-2017;-180,90;2503,02
09-05-2017;Dankort-nota Netto Vibegård 35638;09-05-2017;-250,80;2683,92
09-05-2017;Dankort-nota Vibegård       20395;09-05-2017;-25,00;2934,72
09-05-2017;Dankort-nota Ostehjørnet     5881;09-05-2017;-159,40;2959,72
08-05-2017;Dankort-nota Vibegård       20259;08-05-2017;-25,00;3119,12
08-05-2017;Dankort-nota Land & Fritid-8 9109;08-05-2017;-69,95;3144,12
08-05-2017;Fr. automat den 05.05. kl. 12.34   4001 eksnr.     6320;08-05-2017;-1000,00;3214,07
08-05-2017;Dankort-nota MobilePay      61264;08-05-2017;-80,00;4214,07
08-05-2017;Dankort-nota MobilePay      59859;08-05-2017;-70,00;4294,07
03-05-2017;Dankort-nota Netto Rønne    38825;03-05-2017;-120,75;4364,07
03-05-2017;Dankort-nota TELMORE A/S    EDX1B;03-05-2017;-110,34;4484,82
01-05-2017;Bs betaling MASTERCARD;01-05-2017;-300,00;4595,16
01-05-2017;Dankort-nota FDB Kvickly Rø 13915;01-05-2017;-218,36;4895,16
01-05-2017;Dankort-nota Rønne Apotek   38021;01-05-2017;-396,60;5113,52
28-04-2017;Bgs Grundkonto med betal;28-04-2017;-1000,00;5510,12
28-04-2017;Bgs Gevinstopsparing;28-04-2017;-9000,00;6510,12
28-04-2017;Bgs budget;28-04-2017;-10000,00;15510,12
28-04-2017;Løn;28-04-2017;24151,97;25510,12
26-04-2017;Dankort-nota REMA 1000 Rønn 54635;26-04-2017;-357,15;1358,15
24-04-2017;Pengeautomat den 22.04. kl. 12.38  0650-74 eksnr. 9317;22-04-2017;-1000,00;1715,30
24-04-2017;Bgs Fra Grundkonto med b           etaling;23-04-2017;2000,00;2715,30
24-04-2017;Dankort-nota Land & Fritid-8 5302;24-04-2017;-469,90;715,30
19-04-2017;Dankort-nota DANTAXI        45283;19-04-2017;-101,00;1185,20
19-04-2017;Dankort-nota DANTAXI        27078;19-04-2017;-116,00;1286,20
18-04-2017;Pengeautomat den 17.04. kl. 10.54  0650-74 eksnr. 8743;17-04-2017;-300,00;1402,20
18-04-2017;Dankort-nota REMA 1000 Rønn 73760;18-04-2017;-144,30;1702,20
18-04-2017;Dankort-nota REMA 1000 Rønn 71525;18-04-2017;-205,75;1846,50
18-04-2017;Dankort-nota FDB Kvickly Røn 5180;18-04-2017;-186,95;2052,25
18-04-2017;Dankort-nota MobilePay      66727;18-04-2017;-200,00;2239,20
18-04-2017;Dankort-nota Høiers Iscafe  26884;18-04-2017;-130,00;2439,20
18-04-2017;Dankort-nota Netto Rønne    23697;18-04-2017;-156,89;2569,20
12-04-2017;Dankort-nota FDB Kvickly Rø 15895;12-04-2017;-48,00;2726,09
11-04-2017;OVERSKYDENDE SKAT;11-04-2017;1634,00;2774,09
11-04-2017;Dankort-nota FDB Kvickly Rø 68724;11-04-2017;-400,00;1140,09
11-04-2017;Dankort-nota Netto Vibegård 30672;11-04-2017;-206,90;1540,09
10-04-2017;Dankort-nota FDB Kvickly Rø 76703;10-04-2017;-125,27;1746,99
10-04-2017;Dankort-nota Netto Rønne    19800;10-04-2017;-213,85;1872,26
10-04-2017;Dankort-nota Tiger 39       15060;10-04-2017;-20,00;2086,11
10-04-2017;Dankort-nota Ostehjørnet     3868;10-04-2017;-158,34;2106,11
07-04-2017;Dankort-nota MATAS - 17796  21694;07-04-2017;-149,92;2264,45
07-04-2017;Dankort-nota FDB Kvickly Rø 14601;07-04-2017;-237,80;2414,37
07-04-2017;Dankort-nota Netto Rønne    18299;07-04-2017;-121,80;2652,17
05-04-2017;Dankort-nota DK Færger Rønn 82457;05-04-2017;-484,00;2773,97
05-04-2017;Dankort-nota FDB Kvickly Rø 49957;05-04-2017;-220,00;3257,97
05-04-2017;Dankort-nota FDB Kvickly Rø 13055;05-04-2017;-174,45;3477,97
04-04-2017;Visa køb EUR     150,00            ECCO STORE BERLIN                  Den 31.03;04-04-2017;-1127,20;3652,42
04-04-2017;Visa køb EUR      89,95            Schuhhaus Horst Witt               Den 01.04;04-04-2017;-675,94;4779,62
03-04-2017;Bs betaling MASTERCARD;03-04-2017;-3932,83;5455,56
03-04-2017;Dankort-nota TELMORE A/S    0LDBB;03-04-2017;-110,34;9388,39
31-03-2017;Bgs budget;31-03-2017;-10000,00;9498,73
31-03-2017;Dankort-nota Rejsekort - DS 72345;31-03-2017;-300,00;19498,73
31-03-2017;Løn;31-03-2017;18873,74;19798,73
29-03-2017;Dankort-nota Netto DTU      62192;29-03-2017;-80,45;924,99
29-03-2017;Dankort-nota Irma Nørre Vol 48955;29-03-2017;-88,75;1005,44
27-03-2017;Valutahævning den 27.03. kl. 13.25 0650-73 eksnr. 7366;27-03-2017;-1514,54;1094,19
27-03-2017;Bgs Fra Gevinstopsparing;27-03-2017;1500,00;2608,73
27-03-2017;Bgs Fra Gevinstopsparing;27-03-2017;2000,00;1108,73
27-03-2017;Dankort-nota Photocare, Røn 48666;27-03-2017;-240,00;-891,27
27-03-2017;Dankort-nota Rønne Apotek   33334;27-03-2017;-316,50;-651,27
27-03-2017;Dankort-nota Lilliendal Pla 12709;27-03-2017;-87,50;-334,77
27-03-2017;Dankort-nota Netto Rønne     7904;27-03-2017;-108,09;-247,27
27-03-2017;Dankort-nota FDB Kvickly Røn 6945;27-03-2017;-279,37;-139,18
27-03-2017;Dankort-nota Land & Fritid-8 4176;27-03-2017;-187,80;140,19
27-03-2017;Dankort-nota WILLIAM DAMS BO 4985;27-03-2017;-129,95;327,99
27-03-2017;Dankort-nota Netto Rønne     3756;27-03-2017;-270,35;457,94
24-03-2017;Dankort-nota RØNNE FISKEFOR 81173;24-03-2017;-51,00;728,29
24-03-2017;Dankort-nota FDB Kvickly Rø 47186;24-03-2017;-210,00;779,29
24-03-2017;Dankort-nota BORMHOLMS CENTR 2704;24-03-2017;-40,00;989,29
22-03-2017;Dankort-nota Vibegård       18256;22-03-2017;-31,00;1029,29
20-03-2017;Bgs Fra Gevinstopsparing;20-03-2017;2000,00;1060,29
20-03-2017;Dankort-nota DK Færger Rønn 62553;20-03-2017;-394,00;-939,71
20-03-2017;Dankort-nota REMA 1000 Rønn 43615;20-03-2017;-200,65;-545,71
20-03-2017;Dankort-nota Lilliendal Pla 12029;20-03-2017;-155,95;-345,06
17-03-2017;Pengeautomat den 17.03. kl. 15.25  0650-74 eksnr. 5555;17-03-2017;-500,00;-189,11
17-03-2017;Pengeautomat den 17.03. kl. 11.38  0650-75 eksnr. 7000;17-03-2017;-500,00;310,89
16-03-2017;Dankort-nota RØNNE FISKEFOR 80236;16-03-2017;-84,00;810,89
15-03-2017;Dankort-nota Vibegård       17917;15-03-2017;-25,00;894,89
15-03-2017;Dankort-nota FDB Kvickly Røn 5890;15-03-2017;-115,00;919,89
15-03-2017;Dankort-nota Ostehjørnet     2353;15-03-2017;-87,90;1034,89
14-03-2017;Dankort-nota Rønne Apotek   34031;14-03-2017;-93,20;1122,79
14-03-2017;Dankort-nota Vibegård       17742;14-03-2017;-31,00;1215,99
13-03-2017;Bgs Peter Hahn;13-03-2017;-439,00;1246,99
13-03-2017;Dankort-nota Netto Rønne    55080;13-03-2017;-251,25;1685,99
13-03-2017;Dankort-nota RØNNE BIO      41158;13-03-2017;-45,00;1937,24
10-03-2017;Dankort-nota A/S Shell Serv 32297;10-03-2017;-59,90;1982,24
08-03-2017;Dankort-nota RØNNE FISKEFOR 79332;08-03-2017;-40,50;2042,14
08-03-2017;Dankort-nota FRIDOLF A/S    52211;08-03-2017;-149,00;2082,64
08-03-2017;Dankort-nota FDB Kvickly Rø 13343;08-03-2017;-70,95;2231,64
08-03-2017;Dankort-nota Land & Fritid-8 5600;08-03-2017;-189,90;2302,59
08-03-2017;Dankort-nota Connis Hairshop  507;08-03-2017;-735,00;2492,49
08-03-2017;Dankort-nota REMA 1000 Rønn 31678;08-03-2017;-159,95;3227,49
07-03-2017;Bornholms Regionskom               Meddelnr. 02154158917066;07-03-2017;80,00;3387,44
06-03-2017;Dankort-nota Vibegård       17338;06-03-2017;-25,00;3307,44
06-03-2017;Dankort-nota konditor bager 96327;06-03-2017;-40,00;3332,44
06-03-2017;Dankort-nota REMA 1000 Rønne 9136;06-03-2017;-85,85;3372,44
06-03-2017;Dankort-nota Provianten     26194;06-03-2017;-150,00;3458,29
06-03-2017;Dankort-nota MATAS - 17796  18396;06-03-2017;-129,92;3608,29
06-03-2017;Dankort-nota MATAS - 17795  23730;06-03-2017;-159,92;3738,21
03-03-2017;Dankort-nota FDB Kvickly Rø 98592;03-03-2017;-297,21;3898,13
03-03-2017;Dankort-nota TELMORE A/S    MJ0XB;03-03-2017;-110,34;4195,34
02-03-2017;Dankort-nota Vibegård       17250;02-03-2017;-25,00;4305,68
01-03-2017;Bs betaling MASTERCARD;01-03-2017;-300,00;4330,68
01-03-2017;Dankort-nota Rønne Apotek   42688;01-03-2017;-293,90;4630,68
01-03-2017;Dankort-nota Jensens Bageri 16924;01-03-2017;-150,00;4924,58
01-03-2017;Dankort-nota SKORINGEN      14132;01-03-2017;-50,00;5074,58
28-02-2017;Bgs Gevinstopsparing;28-02-2017;-2000,00;5124,58
28-02-2017;Bgs Gevinstopsparing;28-02-2017;-2000,00;7124,58
28-02-2017;Bgs Gevinstopsparing;28-02-2017;-2000,00;9124,58
28-02-2017;Bgs budget;28-02-2017;-10000,00;11124,58
28-02-2017;Dankort-nota REMA 1000 Rønn 17865;28-02-2017;-168,25;21124,58
28-02-2017;Løn;28-02-2017;18873,74;21292,83
27-02-2017;Dankort-nota Vibegård       16894;27-02-2017;-31,00;2419,09
27-02-2017;Edankort-køb MobilePay      14381;27-02-2017;-15,00;2450,09
27-02-2017;Dankort-nota FDB Kvickly Rø 54459;27-02-2017;-134,00;2465,09
27-02-2017;Dankort-nota FDB Kvickly Rø 40588;27-02-2017;-40,00;2599,09
27-02-2017;Dankort-nota Netto Rønne     4943;27-02-2017;-110,00;2639,09
27-02-2017;Dankort-nota FDB Kvickly Rø 88723;27-02-2017;-167,90;2749,09
27-02-2017;Dankort-nota Netto Rønne    35676;27-02-2017;-89,35;2916,99
24-02-2017;Dankort-nota REMA 1000 Rønn 20077;24-02-2017;-159,35;3006,34
24-02-2017;Dankort-nota H&M 800         6011;24-02-2017;-378,00;3165,69
23-02-2017;Dankort-nota TELMORE A/S    GGX9B;23-02-2017;-179,66;3543,69
22-02-2017;Bgs Fra Gevinstopsparing;22-02-2017;3500,00;3723,35
22-02-2017;Dankort-nota Imerco Rønne   82346;22-02-2017;-169,95;223,35
22-02-2017;Dankort-nota Netto Rønne    33009;22-02-2017;-186,00;393,30
22-02-2017;Dankort-nota MATAS - 17795  22130;22-02-2017;-74,95;579,30
22-02-2017;Dankort-nota Vibegård       16720;22-02-2017;-58,00;654,25
21-02-2017;Dankort-nota RØNNE FISKEFOR 77831;21-02-2017;-96,00;712,25
21-02-2017;Dankort-nota FDB Kvickly Rø 63480;21-02-2017;-40,00;808,25
21-02-2017;Dankort-nota Vibegård       16568;21-02-2017;-35,00;848,25
20-02-2017;Dankort-nota REMA 1000 Rønn 17002;20-02-2017;-146,65;883,25
20-02-2017;Dankort-nota FDB Kvickly Rø 92405;20-02-2017;-312,45;1029,90
20-02-2017;Dankort-nota Netto Rønne    99757;20-02-2017;-138,00;1342,35
20-02-2017;Dankort-nota Land & Fritid-8 4484;20-02-2017;-199,90;1480,35
17-02-2017;Dankort-nota RØNNE FISKEFOR 77617;17-02-2017;-129,00;1680,25
17-02-2017;Dankort-nota REMA 1000 Rønn 14284;17-02-2017;-242,30;1809,25
17-02-2017;Dankort-nota FDB Kvickly Rø 51654;17-02-2017;-21,95;2051,55
16-02-2017;Dankort-nota Vibegård       16464;16-02-2017;-25,00;2073,50
15-02-2017;Dankort-nota FDB Kvickly Rø 51268;15-02-2017;-500,00;2098,50
15-02-2017;Dankort-nota Vibegård       16386;15-02-2017;-45,00;2598,50
15-02-2017;Dankort-nota Færgen Caterin 16638;15-02-2017;-269,80;2643,50
13-02-2017;Dankort-nota Irma 23021     40873;13-02-2017;-110,00;2913,30
13-02-2017;Dankort-nota Magasin, Kgs N 10205;13-02-2017;-164,70;3023,30
13-02-2017;Dankort-nota GRAND TEATRET  51036;13-02-2017;-140,00;3188,00
13-02-2017;Dankort-nota Magasin, Kgs N 25916;13-02-2017;-223,00;3328,00
13-02-2017;Dankort-nota Pilgrim        18653;13-02-2017;-238,50;3551,00
13-02-2017;Dankort-nota Berlin Bar ApS  1552;13-02-2017;-94,00;3789,50
13-02-2017;Dankort-nota Færgen Caterin 14136;13-02-2017;-133,90;3883,50
09-02-2017;Dankort-nota RØNNE FISKEFOR 76745;09-02-2017;-56,00;4017,40
09-02-2017;Dankort-nota Jensens Bageri 12238;09-02-2017;-60,00;4073,40
07-02-2017;Dankort-nota Vibegård       15880;07-02-2017;-25,00;4133,40
06-02-2017;Dankort-nota FDB Kvickly Rø 85776;06-02-2017;-113,70;4158,40
06-02-2017;Dankort-nota Rønne Apotek   34105;06-02-2017;-53,95;4272,10
06-02-2017;Dankort-nota REMA 1000 Rønne 4414;06-02-2017;-11,20;4326,05
06-02-2017;Dankort-nota FDB Kvickly Rø 79237;06-02-2017;-127,65;4337,25
06-02-2017;Dankort-nota FDB Kvickly Rø 48168;06-02-2017;-17,95;4464,90
06-02-2017;Dankort-nota RØNNE FISKEFOR 76428;06-02-2017;-386,00;4482,85
03-02-2017;Dankort-nota TELMORE A/S    85VDB;03-02-2017;-110,34;4868,85
01-02-2017;Bs betaling MASTERCARD;01-02-2017;-415,00;4979,19
31-01-2017;Bgs Gevinstopsparing;31-01-2017;-2300,00;5394,19
31-01-2017;Bgs budget;31-01-2017;-11500,00;7694,19
31-01-2017;Løn;31-01-2017;19390,01;19194,19
30-01-2017;Dankort-nota FDB Kvickly Rø 80985;30-01-2017;-297,69;-195,82
30-01-2017;Dankort-nota FDB Kvickly Rø 33837;30-01-2017;-34,00;101,87
30-01-2017;Dankort-nota Netto Vibegård 99924;30-01-2017;-290,28;135,87
30-01-2017;Dankort-nota jem&fix Rønne  91933;30-01-2017;-19,95;426,15
30-01-2017;Dankort-nota FDB Kvickly Rø 74626;30-01-2017;-172,90;446,10
30-01-2017;Dankort-nota FDB Kvickly Rø 33506;30-01-2017;-16,00;619,00
26-01-2017;Bgs Fra Gevinstopsparing;25-01-2017;1500,00;635,00
25-01-2017;Dankort-nota Vibegård       15292;25-01-2017;-25,00;-865,00
24-01-2017;Dankort-nota Netto Rønne    78604;24-01-2017;-86,95;-840,00
24-01-2017;Dankort-nota Vibegård       15220;24-01-2017;-55,00;-753,05
23-01-2017;Bgs Fra Gevinstopsparing;21-01-2017;1000,00;-698,05
23-01-2017;Dankort-nota Netto Vibegård 96147;23-01-2017;-250,29;-1698,05
23-01-2017;Dankort-nota Rønne Syd FDB  31640;23-01-2017;-41,40;-1447,76
23-01-2017;Dankort-nota Land & Fritid-8 3167;23-01-2017;-549,85;-1406,36
23-01-2017;Dankort-nota SIMON'S A/S    77094;23-01-2017;-400,00;-856,51
23-01-2017;Dankort-nota FDB Kvickly Rø 71674;23-01-2017;-127,95;-456,51
18-01-2017;Dankort-nota Netto Vibegård 75462;18-01-2017;-63,85;-328,56
18-01-2017;Dankort-nota Netto Rønne    73011;18-01-2017;-115,80;-264,71
18-01-2017;Dankort-nota FDB Kvickly Rø 52895;18-01-2017;-141,90;-148,91
18-01-2017;Dankort-nota WILLIAM DAMS BOG 473;18-01-2017;-199,95;-7,01
16-01-2017;Dankort-nota Fridolf A/S    54464;16-01-2017;-59,95;192,94
16-01-2017;Dankort-nota FRIDOLF A/S    39402;16-01-2017;-325,95;252,89
16-01-2017;Dankort-nota Vibegård       14845;16-01-2017;-50,00;578,84
16-01-2017;Dankort-nota Vibegård       14843;16-01-2017;-8,00;628,84
16-01-2017;Dankort-nota Vibegård       14841;16-01-2017;-50,00;636,84
16-01-2017;Dankort-nota jem&fix Rønne  86766;16-01-2017;-244,85;686,84
16-01-2017;Dankort-nota Ostehjørnet    84934;16-01-2017;-140,50;931,69
13-01-2017;Bgs Fra Gevinstopsparing;12-01-2017;1000,00;1072,19
12-01-2017;Pengeautomat den 12.01. kl. 10.51  0650-73 eksnr. 0037;12-01-2017;-300,00;72,19
12-01-2017;Dankort-nota Vibegård       14703;12-01-2017;-5,00;372,19
12-01-2017;Dankort-nota Vibegård       14665;12-01-2017;-25,00;377,19
11-01-2017;Dankort-nota Vibegård       14593;11-01-2017;-25,00;402,19
10-01-2017;Bgs Fra Gevinstopsparing;09-01-2017;1000,00;427,19
10-01-2017;Dankort-nota FDB Kvickly Rø 40251;10-01-2017;-250,00;-572,81
10-01-2017;Dankort-nota Vibegård       14489;10-01-2017;-25,00;-322,81
09-01-2017;Dankort-nota FDB Kvickly Rø 65531;09-01-2017;-114,95;-297,81
09-01-2017;Dankort-nota Jensens Bageri  8572;09-01-2017;-33,00;-182,86
09-01-2017;Dankort-nota Land & Fritid-8 1835;09-01-2017;-69,95;-149,86
09-01-2017;Bornholms Brandforsi;09-01-2017;103,00;-79,91
09-01-2017;Dankort-nota Færgen Caterin 98180;09-01-2017;-149,95;-182,91
09-01-2017;Dankort-nota M Lindevang RV 76616;09-01-2017;-200,00;-32,96
09-01-2017;Dankort-nota CONDITORI LA G 77748;09-01-2017;-102,00;167,04
09-01-2017;Dankort-nota CONDITORI LA G 18477;09-01-2017;-348,00;269,04
09-01-2017;Dankort-nota Illums Bolighu 20404;09-01-2017;-147,00;617,04
06-01-2017;Dankort-nota Netto Finsensv 76775;06-01-2017;-77,90;764,04
06-01-2017;Dankort-nota Magasin, Kgs N 52729;06-01-2017;-214,50;841,94
06-01-2017;Dankort-nota A/SGEORG JENSE 42192;06-01-2017;-225,00;1056,44
05-01-2017;Dankort-nota Magasin, Kgs N 51147;05-01-2017;-1949,25;1281,44
05-01-2017;Dankort-nota Færgen Catering 9692;05-01-2017;-49,95;3230,69
04-01-2017;Dankort-nota Netto Vibegård 60672;04-01-2017;-147,39;3280,64
03-01-2017;Dankort-nota TELMORE A/S    U86ZB;03-01-2017;-110,34;3428,03
02-01-2017;Bs betaling MASTERCARD;02-01-2017;-450,00;3538,37
02-01-2017;Bgs Gevinstopsparing;30-12-2016;-2800,00;3988,37
02-01-2017;Dankort-nota Jensens Bageri  6827;02-01-2017;-17,00;6788,37
02-01-2017;Dankort-nota Netto Åkirkeby 39371;02-01-2017;-201,50;6805,37
02-01-2017;Dankort-nota FDB Kvickly Rø 27690;02-01-2017;-20,00;7006,87
02-01-2017;Dankort-nota FDB Kvickly Rø 10384;02-01-2017;-67,95;7026,87
02-01-2017;Dankort-nota AAKIRKEBY-HALLE 5486;02-01-2017;-590,00;7094,82
02-01-2017;Dankort-nota Jysk D050      86671;02-01-2017;-200,00;7684,82
30-12-2016;Bgs budget;30-12-2016;-11500,00;7884,82
30-12-2016;Dankort-nota Netto Vibegård 48886;30-12-2016;-274,40;19384,82
30-12-2016;Dankort-nota Jensens Bageri  6215;30-12-2016;-37,00;19659,22
30-12-2016;Løn;30-12-2016;18642,51;19696,22
